% Encoding: UTF-8

@Article{tan2003haptic,
  author    = {Tan, Hong and Gray, Robert and Young, J Jay and Taylor, Ryan},
  title     = {A haptic back display for attentional and directional cueing},
  year      = {2003},
  publisher = {Haptics-e, The electronic journal of haptics research},
}

@Comment{jabref-meta: databaseType:bibtex;}
